
@online{pgas_paper,
    title = {{Partitioned Global Address Space Languages}},
    url = {https://www.researchgate.net/publication/275654065_Partitioned_Global_Address_Space_Languages},
    urldate = {2016}
}

@online{pgas_wiki,
    title = {{Partitioned Global Address Space Languages - Wikipedia}},
    url = {https://en.wikipedia.org/wiki/Partitioned_global_address_space},
    urldate = {2018}
}

@online{chapel,
    title = {{PThe Chapel Parallel Programming Language}},
    url = {https://chapel-lang.org/},
    urldate = {2019}
}

@online{upcpp,
    title = {{Unified Parallel C++}},
    url = {https://bitbucket.org/berkeleylab/upcxx/wiki/Home},
    urldate = {2020}
}

@online{coarray_fortran,
    title = {{Coarray support in gfortran as specified in the Fortran 2008 standard}},
    url = {https://gcc.gnu.org/wiki/Coarray},
    urldate = {2020}
}

@online{titanium,
    title = {{Titanium Project Home Page}},
    url = {http://titanium.cs.berkeley.edu/},
    urldate = {2020}
}

@online{titanium_docs,
    title = {{Titanium Tuorial: Overview of Titanium}},
    url = {http://titanium.cs.berkeley.edu/doc/tutorial.ps},
    urldate = {2020}
}

@online{upc,
    title = {{UPC Home page}},
    url = {https://upc-lang.org/},
    urldate = {2020}
}

@online{berkleyupc,
    title = {{Berkley UPC - Unified Parallel C}},
    url = {https://upc.lbl.gov/},
    urldate = {2020}
}

@online{upc_clang,
    title = {{Clang UPC Tool Set}},
    url = {https://clangupc.github.io/},
    urldate = {2020}
}

@online{upcxx,
    title = {{upcxx / wiki / Home}},
    url = {https://bitbucket.org/berkeleylab/upcxx/wiki/Home},
    urldate = {2020}
}

@online{xmphome,
    title = {{XcalableMP WebSite}},
    url = {https://xcalablemp.org/},
    urldate = {2020}
}
