@online{nih_python_in_hpc,
    author = {{Wolfgang Resch}},
    title = {Python in HPC},
    url = {https://hpc.nih.gov/training/handouts/171121_python_in_hpc.pdf},
    organization = {NIH High Performance Computing Group},
    urldate = {2020}
}

@online{tiobe,
    author = {{TIOBE}},
    title = {{TIOBE index}},
    year = 2020,
    url = {https://www.tiobe.com/tiobe-index/},
    urldate = {2020}
}

@online{python_c_cpp,
    author = {{Python Software Foundation}},
    title = {{Extending Python with C or C++}},
    year = 2020,
    url = {https://docs.python.org/3.7/extending/extending.html},
    urldate = {2020}
}

@online{python_f2py,
    title = {{F2PY - Calling Fortran routines from Python}},
    year = 2020,
    url = {https://www.numfys.net/howto/F2PY/},
    urldate = {2020}
}

@online{python_gil,
    title = {{Global Interpreter Lock}},
    year = 2017,
    url = {https://wiki.python.org/moin/GlobalInterpreterLock},
    urldate = {2020}
}

@online{nih_hpc,
    title = {{NIH HPC Systems}},
    url = {https://hpc.nih.gov/},
    urldate = {2020}
}

@online{hpc_usc,
    title = {{HPC USC}},
    url = {https://hpcc.usc.edu/},
    urldate = {2020}
}

@online{hpc_rtu,
    title = {{Python/HPC -- High Performance Computing Center}},
    url = {https://hpc.rtu.lv/python-hpc/},
    urldate = {2020}
}
